@book{Witelski2015Methods,
  author = {Witelski, Thomas and Bowen, Mark},
  title = {Methods of Mathematical Modelling: Continuous Systems and Differential Equations},
  publisher = {Springer},
  year = {2015},
  doi = {10.1007/978-3-319-23042-9}
}

@book{Marion2008Introduction,
  author = {Marion, Glenn and Lawson, Daniel},
  title = {An Introduction to Mathematical Modelling},
  publisher = {Bioinformatics and Statistics Scotland},
  year = {2008}
}

@book{Bender2000Introduction,
  author = {Bender, Edward A.},
  title = {An Introduction to Mathematical Modeling},
  publisher = {Dover Publications},
  year = {2000},
  isbn = {048641180X}
}

@book{Meerschaert2012Mathematical,
  author = {Meerschaert, Mark M.},
  title = {Mathematical Modeling},
  publisher = {Academic Press},
  year = {2012},
  isbn = {0123869129}
}

@book{Dym2004Principles,
  author = {Dym, Clive L.},
  title = {Principles of Mathematical Modeling},
  publisher = {Academic Press},
  year = {2004},
  isbn = {0122265513}
}

@book{Velten2009Mathematical,
  author = {Velten, Kai},
  title = {Mathematical Modeling and Simulation: Introduction for Scientists and Engineers},
  publisher = {Wiley-VCH},
  year = {2009},
  isbn = {3527407588}
}

@book{Arnold1989Mathematical,
  author = {Arnold, Vladimir I.},
  title = {Mathematical Methods of Classical Mechanics},
  publisher = {Springer},
  year = {1989},
  isbn = {0387968903}
}

@book{Giordano2013First,
  author = {Giordano, Frank R. and Fox, William P. and Horton, Steven B.},
  title = {A First Course in Mathematical Modeling},
  publisher = {Cengage Learning},
  year = {2013},
  isbn = {1285050908}
}

@book{Luenberger1984Linear,
  author = {Luenberger, David G.},
  title = {Linear and Nonlinear Programming},
  publisher = {Addison-Wesley},
  year = {1984}
}

@book{Hillier2014Introduction,
  author = {Hillier, Frederick S. and Lieberman, Gerald J.},
  title = {Introduction to Operations Research},
  publisher = {McGraw-Hill Education},
  year = {2014},
  isbn = {0073523453}
}

@book{Chapra2014Numerical,
  author = {Chapra, Steven C. and Canale, Raymond P.},
  title = {Numerical Methods for Engineers},
  publisher = {McGraw-Hill Education},
  year = {2014},
  isbn = {007339792X}
}

@book{Boyce2017Elementary,
  author = {Boyce, William E. and DiPrima, Richard C. and Meade, Douglas B.},
  title = {Elementary Differential Equations and Boundary Value Problems},
  publisher = {Wiley},
  year = {2017},
  isbn = {1119443768}
}

@book{Rice2006Mathematical,
  author = {Rice, John A.},
  title = {Mathematical Statistics and Data Analysis},
  publisher = {Cengage Learning},
  year = {2006},
  isbn = {0534399428}
}

@book{Deisenroth2020Mathematics,
  author = {Deisenroth, Marc Peter and Faisal, A. Aldo and Ong, Cheng Soon},
  title = {Mathematics for Machine Learning},
  publisher = {Cambridge University Press},
  year = {2020}
}

@book{Bishop2006Pattern,
  author = {Bishop, Christopher M.},
  title = {Pattern Recognition and Machine Learning},
  publisher = {Springer},
  year = {2006},
  isbn = {0387310738}
}

@book{Hastie2009Elements,
  author = {Hastie, Trevor and Tibshirani, Robert and Friedman, Jerome},
  title = {The Elements of Statistical Learning: Data Mining, Inference, and Prediction},
  publisher = {Springer},
  year = {2009},
  isbn = {0387848576}
}

@book{Gordon2017Introduction,
  author = {Gordon, Steven I. and Guilfoos, Brian},
  title = {Introduction to Modeling and Simulation with MATLAB and Python},
  publisher = {Chapman and Hall/CRC},
  year = {2017},
  isbn = {1498773877}
}

@book{Matloff2011Art,
  author = {Matloff, Norman},
  title = {The Art of R Programming: A Tour of Statistical Software Design},
  publisher = {No Starch Press},
  year = {2011},
  isbn = {1593273843}
}

@book{Schrage1999Optimization,
  author = {Schrage, Linus},
  title = {Optimization Modeling with LINGO},
  publisher = {LINDO Systems},
  year = {1999}
}

@book{Quarteroni2007Numerical,
  author = {Quarteroni, Alfio and Sacco, Riccardo and Saleri, Fausto},
  title = {Numerical Mathematics},
  publisher = {Springer},
  year = {2007},
  isbn = {3540498095}
}

@book{Gould2013Mathematical,
  author = {Gould, Heather and Murray, Diane R. and Sanfratello, Andrew},
  title = {Mathematical Modeling Handbook},
  publisher = {COMAP},
  year = {2013},
  isbn = {9781933223377}
}

@book{Bauldry2024Mathematical,
  author = {Bauldry, William C.},
  title = {The Mathematical Contest in Modeling (MCM) Problem Book 1985â€“2021},
  publisher = {CRC Press},
  year = {2024},
  isbn = {9781032289458}
}

@book{Fox2014Mathematical,
  author = {Fox, William P.},
  title = {Mathematical Modeling with Maple},
  publisher = {Cengage Learning},
  year = {2014},
  isbn = {1133705413}
}

@book{Wang2014Mathematical,
  author = {Wang, Jie},
  title = {Mathematical Modeling for the MCM/ICM: Volume 1},
  publisher = {Higher Education Press},
  year = {2014}
}

@article{Camley2009Quest,
  author = {Camley, Brian and Getreuer, Pascal and Klingenberg, Bradley},
  title = {The Quest of the MCM: Conquering the Math Contest in Modeling},
  journal = {The UMAP Journal},
  year = {2009},
  volume = {30},
  number = {3},
  pages = {193--212}
}

@article{Rubin2005MCM,
  author = {Rubin, Jonathan E.},
  title = {The MCM at 21: COMAP's Mathematical Contest in Modeling},
  journal = {SIAM Review},
  year = {2005},
  volume = {47},
  number = {2},
  pages = {339--359}
}

@book{Giordano2008Modeling,
  author = {Giordano, Frank R. and Weir, Maurice D. and Fox, William P.},
  title = {A First Course in Mathematical Modeling},
  publisher = {Cengage Learning},
  year = {2008},
  isbn = {0495011592}
}

@book{McCallum2012Bad,
  author = {McCallum, Q. Ethan},
  title = {Bad Data Handbook: Cleaning Up The Data So You Can Get Back To Work},
  publisher = {O'Reilly Media},
  year = {2012},
  isbn = {1449321887}
}

@book{Osborne2012Best,
  author = {Osborne, Jason W.},
  title = {Best Practices in Data Cleaning: A Complete Guide to Everything You Need to Do Before and After Collecting Your Data},
  publisher = {SAGE Publications},
  year = {2012},
  isbn = {1412988012}
}

@book{Ilyas2019Data,
  author = {Ilyas, Ihab F. and Chu, Xu},
  title = {Data Cleaning},
  publisher = {ACM Books},
  year = {2019},
  isbn = {1450371526}
}

@book{Kazil2016Data,
  author = {Kazil, Jacqueline and Jarmul, Katharine},
  title = {Data Wrangling with Python: Tips and Tools to Make Your Life Easier},
  publisher = {O'Reilly Media},
  year = {2016},
  isbn = {1491948817}
}

@book{Rattenbury2017Principles,
  author = {Rattenbury, Tye and Hellerstein, Joseph M. and Heer, Jeffrey and Kandel, Sean and Carreras, Connor},
  title = {Principles of Data Wrangling: Practical Techniques for Data Preparation},
  publisher = {O'Reilly Media},
  year = {2017},
  isbn = {1491938927}
}

@book{Boehmke2016Data,
  author = {Boehmke, Bradley C.},
  title = {Data Wrangling with R},
  publisher = {Springer},
  year = {2016},
  isbn = {3319455982}
}

@book{Kuhn2019Feature,
  author = {Kuhn, Max and Johnson, Kjell},
  title = {Feature Engineering and Selection: A Practical Approach for Predictive Models},
  publisher = {Chapman and Hall/CRC},
  year = {2019},
  isbn = {1138079227}
}

@book{Zheng2018Feature,
  author = {Zheng, Alice and Casari, Amanda},
  title = {Feature Engineering for Machine Learning: Principles and Techniques for Data Scientists},
  publisher = {O'Reilly Media},
  year = {2018},
  isbn = {1491953241}
}